<collection xmlns="http://www.loc.gov/MARC21/slim">
   <record>
      <leader>05957cam a2200445 i 4500</leader>
      <controlfield tag="001">6712203</controlfield>
      <controlfield tag="003">FlBoTFG</controlfield>
      <controlfield tag="005">20141020104122.0</controlfield>
      <controlfield tag="006">m    |o  d |      </controlfield>
      <controlfield tag="007">cr |||</controlfield>
      <controlfield tag="008">141020t20152015fluadf  ob    001 0 eng d</controlfield>
      <datafield ind1=" " ind2=" " tag="020">
         <subfield code="a">9781466595835 (e-book : PDF)</subfield>
      </datafield>
      <datafield ind1=" " ind2=" " tag="035">
         <subfield code="a">ocn889674418</subfield>
      </datafield>
      <datafield ind1=" " ind2=" " tag="039">
         <subfield code="a">exclude</subfield>
      </datafield>
      <datafield ind1=" " ind2=" " tag="040">
         <subfield code="a">FlBoTFG</subfield>
         <subfield code="b">eng</subfield>
         <subfield code="c">FlBoTFG</subfield>
         <subfield code="e">rda</subfield>
         <subfield code="d">AEU</subfield>
      </datafield>
      <datafield ind1=" " ind2="4" tag="050">
         <subfield code="a">TX385</subfield>
         <subfield code="b">.S435 2015</subfield>
      </datafield>
      <datafield ind1=" " ind2=" " tag="090">
         <subfield code="a">Internet Access</subfield>
         <subfield code="b">AEU</subfield>
      </datafield>
      <datafield ind1="0" ind2="0" tag="245">
         <subfield code="a">Seafood science :</subfield>
         <subfield code="b">advances in chemistry, technology and applications /</subfield>
         <subfield code="c">editor, Se-Kwon Kim, Department of Marine-bio Convergence Science, Specialized Graduate School of Convergence Science and Technology, Pukyong National University, Pusan, Republic of Korea.</subfield>
      </datafield>
      <datafield ind1=" " ind2="1" tag="264">
         <subfield code="a">Boca Raton :</subfield>
         <subfield code="b">Taylor &amp; Francis,</subfield>
         <subfield code="c">[2015]</subfield>
      </datafield>
      <datafield ind1=" " ind2="4" tag="264">
         <subfield code="c">©2015</subfield>
      </datafield>
      <datafield ind1=" " ind2=" " tag="300">
         <subfield code="a">1 online resource.</subfield>
      </datafield>
      <datafield ind1=" " ind2=" " tag="336">
         <subfield code="a">text</subfield>
         <subfield code="2">rdacontent</subfield>
         <subfield code="0">http://id.loc.gov/vocabulary/contentTypes/txt</subfield>
      </datafield>
      <datafield ind1=" " ind2=" " tag="337">
         <subfield code="a">computer</subfield>
         <subfield code="2">rdamedia</subfield>
         <subfield code="0">http://id.loc.gov/vocabulary/mediaTypes/c</subfield>
      </datafield>
      <datafield ind1=" " ind2=" " tag="338">
         <subfield code="a">online resource</subfield>
         <subfield code="2">rdacarrier</subfield>
         <subfield code="0">http://id.loc.gov/vocabulary/carriers/cr</subfield>
      </datafield>
      <datafield ind1=" " ind2=" " tag="500">
         <subfield code="a">"A Science Publishers book."</subfield>
      </datafield>
      <datafield ind1=" " ind2=" " tag="504">
         <subfield code="a">Includes bibliographical references and index.</subfield>
      </datafield>
      <datafield ind1="0" ind2=" " tag="505">
         <subfield code="a">Introduction to seafood science / Se-Kwon Kim and Jayachandran Venkatesan -- Fermentation of seaweeds and its applications / Motoharu Uchida -- Recent advantages of seafood cooking methods based on nutritional quality and health benefits / Abdul Bakrudeen Ali Ahmed, Teoh Lydia and Rosna Mat Taha -- Oil tannage for chamois leather / Eser Eke Bayramoğlu and Seher Erkal -- Fish protein coating to enhance the shelf life of fishery products / V. Venugopal Menon -- Recovery of fish protein using pH shift processing / Yeung Joon Choi and Sang-Keun Jin -- Usage of MALDI-TOF mass spectrometry in sea food safety assessment / Karola Böhme [and six others] -- Production and application of microbial transglutaminase to improve gelling capabilities of some Indonesian minced fish / Ekowati Chasanah and Yusro Nuri Fawzya -- Lactic acid bacteria in seafood products : current trends and future perspectives / Panchanathan Manivasagan, Jayachandran Venkatesan and Se-Kwon Kim -- Feeding trial of Red Sea bream with dioxin reduced fish oil / T. Honryo -- Chitosan as bio-based nanocomposite in seafood industry and aquaculture / Alireza Alishahi, Jade Proulx and Mohammed Aider -- Recent developments in quality evaluation, optimization and traceability system in shrimp supply chain / Imran Ahmad, Chawalit Jeenanunta and Athapol Noomhorm -- Anti-aging &amp; immunoenhancing properties of marine bioactive compounds / Ranithri Abeynayake and Eresha Mendis -- Arsenic in seaweed : presence, bioavailability and speciation / Cristina García Sartal, María Carmen Barciela Alonso and Pilar Bermejo Barrera -- Application of bacterial fermentation in edible brown algae / Sung-Hwan Eom and Young-Mog Kim -- Production, handling and processing of seaweeds in Indonesia / Hari Eko Irianto and Syamdidi -- Food applications of by-products from the sea / C. Senaka Ranadheera and Janak K. Vidanarachchi -- Mining products from shrimp processing waste and their biological activities / Asep Awaludin Prihanto, Rahmi Nurdiani and Muhamad Firdaus -- Selenium-health benefit values as seafood safety criteria / Nicholas V.C. Ralston [and four others] -- Role of bacteria in seafood products / Françoise Leroi -- Health risks associated with seafood / Samanta S. Khora.</subfield>
      </datafield>
      <datafield ind1=" " ind2=" " tag="506">
         <subfield code="a">Access restricted to authorized users and institutions.</subfield>
      </datafield>
      <datafield ind1=" " ind2=" " tag="520">
         <subfield code="a">"Preface Seafood is simply "food from the sea". It comes in various forms and is used as food for human beings. Seafood predominantly includes fish, crustaceans, mollusks and seaweeds. It is one of the important sources of protein and nutrients for human health. This book contains a total 21 chapters. Chapter 1 provides a general introduction to the topics covered in this book and also the seafood production statistics around the globe. Chapter 2, 4 and 7 give information related to seafood processing methods such as fermentation, cooking, and MALDI-TOF for the seafood production and safety assessment. Chapter 5, 6, 8 and 10 cover fish protein and fish oil. Chapter 11 deals about chitosan as bio based nanocomposites in seafood industry and aquaculture. Chapter 14, 15 and 16 deal with seaweed production and their applications. Chapter 17 and 18 cover the biological application of seafood in food industry. Chapter 19 and 21 describe the health benefit value and discuss health risk of seafood. Overall, this book provides details about seafood (fish, crustaceans, mollusks and seaweed) processing methods, biological applications, health benefits and health risk. These contributions will form essential reading for seafood scientists and can serve as instructional course for students. I am grateful to all the authors who have provided the state-of-art contributions in the field of seafood. Their relentless effort was the result of scientific attitude, drawn from the past history in this field. Busan, South Korea Prof. Se-Kwon Kim "--</subfield>
         <subfield code="c">Provided by publisher.</subfield>
      </datafield>
      <datafield ind1=" " ind2=" " tag="596">
         <subfield code="a">44</subfield>
      </datafield>
      <datafield ind1=" " ind2="0" tag="650">
         <subfield code="a">Seafood.</subfield>
         <subfield code="0">http://id.loc.gov/authorities/subjects/sh85119293</subfield>
      </datafield>
      <datafield ind1=" " ind2="0" tag="650">
         <subfield code="a">Food</subfield>
         <subfield code="x">Composition.</subfield>
         <subfield code="0">http://id.loc.gov/authorities/subjects/sh85050191</subfield>
      </datafield>
      <datafield ind1=" " ind2="0" tag="650">
         <subfield code="a">Fishery processing.</subfield>
         <subfield code="0">http://id.loc.gov/authorities/subjects/sh85048700</subfield>
      </datafield>
      <datafield ind1=" " ind2="0" tag="650">
         <subfield code="a">Fisheries.</subfield>
         <subfield code="0">http://id.loc.gov/authorities/subjects/sh85048666</subfield>
      </datafield>
      <datafield ind1="1" ind2=" " tag="700">
         <subfield code="a">Kim, Se-Kwon,</subfield>
         <subfield code="e">editor.</subfield>
         <subfield code="0">http://id.loc.gov/authorities/names/no2008169626</subfield>
         <subfield code="0">http://viaf.org/viaf/53977021</subfield>
      </datafield>
      <datafield ind1=" " ind2=" " tag="758">
         <subfield code="0">http://worldcat.org/entity/work/id/23805800</subfield>
      </datafield>
      <datafield ind1="0" ind2=" " tag="787">
         <subfield code="n">OCLC Work Id</subfield>
         <subfield code="o">http://worldcat.org/entity/work/id/23805800</subfield>
      </datafield>
      <datafield ind1="4" ind2="0" tag="856">
         <subfield code="3">University of Alberta Access</subfield>
         <subfield code="u">http://marc.crcnetbase.com/isbn/9781466595835</subfield>
         <subfield code="z">(Unlimited Concurrent Users)</subfield>
      </datafield>
      <datafield ind1=" " ind2=" " tag="949">
         <subfield code="h">UAIN</subfield>
         <subfield code="z">CRC</subfield>
      </datafield>
      <datafield ind1=" " ind2=" " tag="926">
         <subfield code="a">Internet Access</subfield>
         <subfield code="w">LC</subfield>
         <subfield code="c">1</subfield>
         <subfield code="i">6712203-1001</subfield>
         <subfield code="l">INTERNET</subfield>
         <subfield code="m">UAINTERNET</subfield>
         <subfield code="r">Y</subfield>
         <subfield code="s">Y</subfield>
         <subfield code="t">E-RESOURCE</subfield>
         <subfield code="u">10/27/2014</subfield>
         <subfield code="x">E-BOOK</subfield>
         <subfield code="z">CRC</subfield>
      </datafield>
   </record>
</collection>
